
@article{wezerek_changes_2020,
	chapter = {Opinion},
	title = {Changes to the {Census} {Could} {Make} {Small} {Towns} {Disappear}},
	issn = {0362-4331},
	url = {https://www.nytimes.com/interactive/2020/02/06/opinion/census-algorithm-privacy.html},
	abstract = {An algorithm intended to keep responses anonymous could erase minorities and rural communities — and deprive them of federal funding.},
	language = {en-US},
	urldate = {2020-02-29},
	journal = {The New York Times},
	author = {Wezerek, Gus and Riper, David Van},
	month = feb,
	year = {2020},
	keywords = {Census, Census Bureau, Federal Aid (US), Native Americans, Population, Redistricting and Reapportionment, Toksook Bay (Alaska)}
}

@misc{manson_differentially_2019,
	type = {Text},
	title = {Differentially {Private} 2010 {Census} {Data}},
	url = {https://www.nhgis.org/differentially-private-2010-census-data},
	language = {en},
	urldate = {2020-02-29},
	journal = {IPUMS NHGIS},
	author = {Manson, Steven and Schroeder, Johnathan},
	month = nov,
	year = {2019}
}

@article{manson_ipums_2019,
	title = {{IPUMS} {National} {Historical} {Geographical} {Information} {System}: {Version} 14.0 [database]. {IPUMS}},
	shorttitle = {{IPUMS} {National} {Historicla} {Geographical} {Information} {System}},
	journal = {Institute for Social Research and Data Innovation. University of Minnesota},
	author = {Manson, S. and Schroeder, J. and Van Riper, D. and Ruggles, S.},
	year = {2019}
}

@article{strmic-pawl_race_2018,
	title = {Race {Counts}: {Racial} and {Ethnic} {Data} on the {U}.{S}. {Census} and the {Implications} for {Tracking} {Inequality}},
	volume = {4},
	issn = {2332-6492},
	shorttitle = {Race {Counts}},
	url = {https://doi.org/10.1177/2332649217742869},
	doi = {10.1177/2332649217742869},
	language = {en},
	number = {1},
	urldate = {2020-02-29},
	journal = {Sociology of Race and Ethnicity},
	author = {Strmic-Pawl, Hephzibah V. and Jackson, Brandon A. and Garner, Steve},
	month = jan,
	year = {2018},
	keywords = {inequality, ancestry, census, classification, identification, nationality, race},
	pages = {1--13}
}

@book{prewitt_what_2013,
	address = {Princeton, N.J.},
	title = {What is {Your} {Race}?: {The} {Census} and {Our} {Flawed} {Efforts} to {Classify} {Americans}},
	isbn = {978-0-691-17356-6},
	shorttitle = {What is your race?},
	language = {eng},
	publisher = {Princeton University Press},
	author = {Prewitt, Kenneth},
	year = {2013},
	keywords = {Population, Census; United States, Ethnicity, History, Statistics; Demography, United States, United States; United States}
}

@article{petti_differential_2019,
	title = {Differential {Privacy} in the 2020 {US} {Census}: {What} {Will} {It} {Do}? {Quantifying} the {Accuracy}/{Privacy} {Tradeoff}},
	volume = {3},
	shorttitle = {Differential privacy in the 2020 {US} census},
	number = {1722},
	journal = {Gates Open Research},
	author = {Petti, Samantha and Flaxman, Abraham},
	year = {2019},
	pages = {1722}
}

@book{kugler_protecting_2019,
	title = {Protecting the 2020 census},
	publisher = {ACM New York, NY, USA},
	author = {Kugler, Logan},
	year = {2019}
}

@article{abowd_economic_2019,
	title = {An {Economic} {Analysis} of {Privacy} {Protection} and {Statistical} {Accuracy} as {Social} {Choices}},
	volume = {109},
	number = {1},
	journal = {American Economic Review},
	author = {Abowd, John M. and Schmutte, Ian M.},
	year = {2019},
	pages = {171--202}
}

@article{sullivan_coming_2020,
	title = {Coming {To} {Our} {Census}: {How} {Social} {Statistics} {Underpin} {Our} {Democracy} ({And} {Republic})},
	volume = {2},
	issn = {,},
	shorttitle = {Coming {To} {Our} {Census}},
	url = {https://hdsr.mitpress.mit.edu/pub/1g1cbvkv},
	doi = {10.1162/99608f92.c871f9e0},
	language = {en},
	number = {1},
	urldate = {2020-02-29},
	journal = {Harvard Data Science Review},
	author = {Sullivan, Teresa A.},
	month = jan,
	year = {2020}
}

@article{fox_differential_2018,
	title = {The {Differential} {Undercount}: {When} {Government} {Disclosures} of {Census} {Data} {Undermine} {Constitutional} {Guarantees}},
	volume = {18},
	shorttitle = {The {Differential} {Undercount}},
	url = {https://heinonline.org/HOL/P?h=hein.journals/cpilj18&i=131},
	language = {eng},
	number = {1},
	urldate = {2020-02-29},
	journal = {Connecticut Public Interest Law Journal},
	author = {Fox, David M.},
	year = {2018},
	pages = {131--164}
}

@article{prewitt_census_2018,
	title = {The {Census} {Race} {Classification}: {Is} {It} {Doing} {Its} {Job}?},
	volume = {677},
	issn = {0002-7162},
	shorttitle = {The {Census} {Race} {Classification}},
	url = {https://doi.org/10.1177/0002716218756629},
	doi = {10.1177/0002716218756629},
	language = {en},
	number = {1},
	urldate = {2020-02-29},
	journal = {The ANNALS of the American Academy of Political and Social Science},
	author = {Prewitt, Kenneth},
	month = may,
	year = {2018},
	keywords = {assimilation, identity rationales, intrarace variability, majority-minority, statistical races, white nationalism},
	pages = {8--24}
}

@inproceedings{dwork_differential_2019,
	address = {Amsterdam, Netherlands},
	series = {{PODS} '19},
	title = {Differential {Privacy} and the {US} {Census}},
	isbn = {978-1-4503-6227-6},
	url = {https://doi.org/10.1145/3294052.3322188},
	doi = {10.1145/3294052.3322188},
	urldate = {2020-02-29},
	booktitle = {Proceedings of the 38th {ACM} {SIGMOD}-{SIGACT}-{SIGAI} {Symposium} on {Principles} of {Database} {Systems}},
	publisher = {Association for Computing Machinery},
	author = {Dwork, Cynthia},
	month = jun,
	year = {2019},
	keywords = {differential privacy, private-preserving data analysis},
	pages = {1}
}

@article{ashmead_effective_2020,
	title = {Effective {Privacy} {After} {Adjusting} for {Invariants} with {Applications} to the 2020 {Census}},
	journal = {U.S. Census Bureau},
	author = {Ashmead, Robert and Kifer, Daniel and Leclerc, Philip and Machanavanjjhala, Ashwin and Sexton, William},
	year = {2020}
}

@book{espiritu_asian_1992,
	title = {Asian {American} {Panethnicity}: {Bridging} {Institutions} and {Identities}},
	isbn = {978-1-56639-096-5},
	shorttitle = {Asian {American} {Panethnicity}},
	language = {en},
	publisher = {Temple University Press},
	author = {Espiritu, Yen Le},
	year = {1992},
	keywords = {Social Science / Ethnic Studies / Asian American Studies, Social Science / General}
}


@article{humes_measurement_2009,
	title = {Measurement of {Race} and {Ethnicity} in a {Changing}, {Multicultural} {America}},
	volume = {1},
	issn = {1867-1756},
	url = {https://doi.org/10.1007/s12552-009-9011-5},
	doi = {10.1007/s12552-009-9011-5},
	language = {en},
	number = {3},
	urldate = {2020-05-05},
	journal = {Race and Social Problems},
	author = {Humes, Karen and Hogan, Howard},
	month = sep,
	year = {2009},
	pages = {111}
}

@book{hollinger_beyond_1995,
	title = {Beyond {Multiculturalism}: {Postethnic} {America}},
	shorttitle = {Beyond {Multiculturalism}},
	publisher = {New York: Basic Books},
	author = {Hollinger, David},
	year = {1995}
}

@article{choldin_statistics_1986,
	title = {Statistics and {Politics}: the ``{Hispanic} {Issue}'' in the 1980 Census},
	volume = {23},
	shorttitle = {Statistics and politics},
	number = {3},
	journal = {Demography},
	author = {Choldin, Harvey M.},
	year = {1986},
	note = {Publisher: Springer},
	pages = {403--418}
}

@article{maurice_census_1982,
	title = {The census undercount: effects on federal aid to cities.},
	volume = {17},
	shorttitle = {The census undercount},
	number = {3},
	journal = {Urban affairs quarterly},
	author = {Maurice, Arthur J. and Nathan, Richard P.},
	year = {1982},
	pages = {251--284}
}

@article{keane_increasing_1985,
	series = {Special {Issue} {Symposium} on the {Decennial} {Census}, {U}.{S}. {Bureau} of the {Census}},
	title = {Increasing {Reliance} on the {Decennial} {Census}},
	volume = {2},
	issn = {0740-624X},
	url = {http://www.sciencedirect.com/science/article/pii/0740624X85900644},
	doi = {10.1016/0740-624X(85)90064-4},
	language = {en},
	number = {4},
	urldate = {2020-05-05},
	journal = {Government Information Quarterly},
	author = {Keane, John G.},
	month = jan,
	year = {1985},
	pages = {341--353}
}

@article{code_title_1954,
	title = {Title 13—{Census} {Act}},
	author = {Code, U. S.},
	year = {1954}
}

@article{code_title_2002,
	title = {Title 44—{Confidential} {Information} {Protection} and {Statistical} {Efficiency} {Act}},
	author = {Code, U. S.},
	year = {2002}
}

@unpublished{boyd_balancing_2020,
	title = {Balancing {Data} {Utility} and {Confidentiality} in the 2020 {US} {Census}},
	urldate = {2020-04-27},
	year = {2020},
	author = {boyd, danah},
	note = {Working Paper—Data \& Society}
}

@article{anderson_public_2015,
	title = {Public {Management} of {Big} {Data}: {Historical} {Lessons} from the 1940s},
	volume = {7},
	shorttitle = {Public {Management} of {Big} {Data}},
	journal = {Fed. Hist.},
	author = {Anderson, Margo},
	year = {2015},
	pages = {17}
}


@inproceedings{dwork_calibrating_2006,
	address = {Berlin, Heidelberg},
	series = {Lecture {Notes} in {Computer} {Science}},
	title = {Calibrating {Noise} to {Sensitivity} in {Private} {Data} {Analysis}},
	isbn = {978-3-540-32732-5},
	doi = {10.1007/11681878_14},
	language = {en},
	booktitle = {Theory of {Cryptography}},
	publisher = {Springer},
	author = {Dwork, Cynthia and McSherry, Frank and Nissim, Kobbi and Smith, Adam},
	editor = {Halevi, Shai and Rabin, Tal},
	year = {2006},
	keywords = {Laplace Distribution, Privacy Breach, Query Function, Semantic Security, True Answer},
	pages = {265--284}
}

@article{beydoun_demographic_2015,
	title = {A {Demographic} {Threat}: {Proposed} {Reclassification} of {Arab} {Americans} on the 2020 {Census}},
	volume = {114},
	shorttitle = {A {Demographic} {Threat}},
	journal = {Mich. L. Rev. First Impressions},
	author = {Beydoun, Khaled A.},
	year = {2015},
	pages = {1}
}

@article{pack_note_1996,
	title = {Note the {Census} {Adjustment} {Cases}: {The} {Hunt} for the {Wily} {Trout}},
	shorttitle = {{NOTE} {THE} {CENSUS} {ADJUSTMENT} {CASES}},
	journal = {Jurimetrics},
	author = {Pack, James},
	year = {1996},
	pages = {35--51}
}

@article{byrd_been_2011,
	title = {`{Been} to the {Nation}, {Lord}, {But} {I} {Couldn}'t {Stay} {There}': {American} {Indian} {Sovereignty}, {Cherokee} {Freedmen} and the {Incommensurability} of the {Internal}},
	volume = {13},
	number = {1},
	journal = {Taylor \& Francis},
	author = {Byrd, Jodi A.},
	year = {2011},
	pages = {31--52}
}


@article{mezey_erasure_2002,
	title = {Erasure and {Recognition}: {The} {Census} {Race} and the {National} {Imagination}},
	volume = {97},
	shorttitle = {Erasure and {Recognition}},
	journal = {Nw. UL Rev.},
	author = {Mezey, Naomi},
	year = {2002},
	pages = {1701}
}

@article{espiritu_who_2000,
	title = {Who {Are} {You} {Calling} {Asian}?”: {Shifting} {Identity} {Claims}, {Racial} {Classifications}, and the {Census}},
	shorttitle = {Who are you calling {Asian}?},
	journal = {Transforming {Race} {Relations}. Los Angeles, CA: LEAP Asian Pacific American Public Policy Institute and UCLA Asian American Studies Center},
	author = {Espiritu, Yen Le and Omi, Michael},
	year = {2000}
}


@article{quisumbing_king_recentering_2019,
	title = {Recentering {US} {Empire}: {A} {Structural} {Perspective} on the {Color} {Line}},
	volume = {5},
	shorttitle = {Recentering {US} {Empire}},
	number = {1},
	journal = {Sociology of Race and Ethnicity},
	author = {Quisumbing King, Katrina},
	year = {2019},
	note = {SAGE Publications},
	pages = {11--25}
}

@book{omi_racial_2014,
	title = {Racial {Formation} in the {United} {States}},
	publisher = {Routledge},
	author = {Omi, Michael and Winant, Howard},
	year = {2014}
}

@book{morning2011nature,
  title={The {Nature} of {Race}: How {Scientists} {Think} and {Teach} {About} {Human} {Difference}},
  author={Morning, Ann},
  year={2011},
  publisher={Univ of California Press}
}

@article{lee2009race,
  title={``{Race}'' and ``{Ethnicity}'' in {Biomedical} {Research}: {How} {Do} {Scientists} {Construct} and {Explain} {Differences} in {Health?}},
  author={Lee, Catherine},
  journal={Social Science \& Medicine},
  volume={68},
  number={6},
  pages={1183--1190},
  year={2009},
  publisher={Elsevier}
}

@book{roberts2011fatal,
  title={Fatal {Invention}: {How} {Science}, {Politics}, and {Big} {Business} {Recreate} {Race} in the {Twenty}-{First} {Century}},
  author={Roberts, Dorothy},
  year={2011},
  publisher={New Press/ORIM}
}

@article{hochschild_racial_2008,
	title = {Racial {Reorganization} and the {United} {States} {Census} 1850–1930: {Mulattoes}, {Half}-{Breeds}, {Mixed} {Parentage}, {Hindoos}, and the {Mexican} {Race}},
	volume = {22},
	shorttitle = {Racial reorganization and the {United} {States} {Census} 1850–1930},
	number = {1},
	journal = {Studies in American Political Development},
	author = {Hochschild, Jennifer L. and Powell, Brenna Marea},
	year = {2008},
	note = {Cambridge University Press},
	pages = {59--96}
}

@article{harris_whiteness_2003,
	title = {Whiteness as {Property}},
	volume = {106},
	number = {8},
	journal = {Harvard Law Review},
	author = {Harris, Cheryl I.},
	year = {2003}
}

@book{bonilla-silva_racism_2010,
	title = {Racism {Without} {Racists}: {Color}-{Blind} {Racism} and the {Persistence} of {Racial} {Inequality} in the {United} {States}},
	shorttitle = {Racism without racists},
	publisher = {Rowman \& Littlefield Publishers},
	author = {Bonilla-Silva, Eduardo},
	year = {2010}
}

@misc{bureau_us_2020,
	title = {U.{S}. {Census} {Bureau} at a {Glance}},
	url = {https://www.census.gov/about/what/census-at-a-glance.html},
	abstract = {The Census Bureau is dedicated to providing current facts and figures about America’s people, places, and economy.},
	language = {EN-US},
	urldate = {2020-05-07},
	year = {2020},
	journal = {The United States Census Bureau},
	author = {Bureau, US Census},
	file = {Snapshot:/Users/simonpcouch/Zotero/storage/FL8LWPSC/census-at-a-glance.html:text/html}
}

@misc{bureau_2010_2019,
	title = {2010 {Demonstration} {Data} {Products}},
	url = {https://www.census.gov/programs-surveys/decennial-census/2020-census/planning-management/2020-census-data-products/2010-demonstration-data-products.html},
	abstract = {The Census Bureau created demonstration data products for review to help data users understand how differential privacy may or may not impact data products.},
	language = {EN-US},
	urldate = {2020-05-08},
	journal = {The United States Census Bureau},
	author = {Bureau, US Census},
	year = {2019}
}

@inproceedings{abowd_us_2018,
	address = {London, United Kingdom},
	series = {{KDD} '18},
	title = {The {U}.{S}. {Census} {Bureau} {Adopts} {Differential} {Privacy}},
	isbn = {978-1-4503-5552-0},
	url = {https://doi.org/10.1145/3219819.3226070},
	doi = {10.1145/3219819.3226070},
	urldate = {2020-05-08},
	booktitle = {Proceedings of the 24th {ACM} {SIGKDD} {International} {Conference} on {Knowledge} {Discovery} \& {Data} {Mining}},
	publisher = {Association for Computing Machinery},
	author = {Abowd, John M.},
	month = jul,
	year = {2018},
	keywords = {differential privacy, economics of privacy},
	pages = {2867}
}